<record><leader>00000cas a22000007a 4500</leader><controlfield tag="001">20536853</controlfield><controlfield tag="008">891023d18971920mouwr ne      0    0eng d</controlfield><datafield ind1=" " ind2=" " tag="010"><subfield code="a">sn 89067102 </subfield></datafield><datafield ind1=" " ind2=" " tag="040"><subfield code="a">MQN</subfield><subfield code="b">eng</subfield><subfield code="c">MQN</subfield><subfield code="d">OCLCQ</subfield></datafield><datafield ind1=" " ind2=" " tag="042"><subfield code="a">msc</subfield></datafield><datafield ind1="0" ind2="4" tag="245"><subfield code="a">The El Dorado Springs news.</subfield></datafield><datafield ind1=" " ind2=" " tag="260"><subfield code="a">El Dorado Springs, Mo. :</subfield><subfield code="b">Morris &amp; Rhodes,</subfield><subfield code="c">-1920.</subfield></datafield><datafield ind1=" " ind2=" " tag="300"><subfield code="a">v.</subfield></datafield><datafield ind1=" " ind2=" " tag="310"><subfield code="a">Weekly</subfield></datafield><datafield ind1="1" ind2=" " tag="362"><subfield code="a">Began in 1897?</subfield></datafield><datafield ind1="0" ind2=" " tag="362"><subfield code="a">-v. 23, no. 20 (Apr. 15, 1920).</subfield></datafield><datafield ind1=" " ind2=" " tag="588"><subfield code="a">Description based on: Vol. 3, no. 2 (Oct. 13, 1899).</subfield></datafield><datafield ind1=" " ind2=" " tag="752"><subfield code="a">United States</subfield><subfield code="b">Missouri</subfield><subfield code="c">Cedar</subfield><subfield code="d">El Dorado Springs.</subfield></datafield><datafield ind1="0" ind2="4" tag="785"><subfield code="t">Dorado Springs sun</subfield><subfield code="w">(DLC)sn 87060328</subfield></datafield></record>